%https://dart.dev/
@online{Dart website,
    author = "Google",
    title = "Dart programming language",
    url  = "https://dart.dev/",
    addendum = "(accessed: 03.26.2020)",
    keywords = "dart"
}
%https://en.wikipedia.org/wiki/Google_Fuchsia
@online{Wikipedia,
    author = "et al",
    title = "Google Fuchsia",
    url  = "https://en.wikipedia.org/wiki/Google_Fuchsia",
    addendum = "(accessed: 03.26.2020)",
    keywords = "google, wikipedia, fuchsia"
}
%https://medium.com/dartlang/dart-2-stable-and-the-dart-web-platform-3775d5f8eac7
@online{medium,
    author = "Kevin Moore",
    title = "Announcing Dart 2 Stable and the Dart Web Platform",
    url  = "https://medium.com/dartlang/dart-2-stable-and-the-dart-web-platform-3775d5f8eac7",
    addendum = "(accessed: 03.26.2020)",
    keywords = "dart, medium, dart2, platform"
}

%https://insights.dice.com/2019/03/27/fall-rise-dart-google-javascript-killer/
@online{knuthwebsite,
    author = "David Bolton",
    title = "The Fall and Rise of Dart, Google’s ‘JavaScript Killer’",
    url  = "https://insights.dice.com/2019/03/27/fall-rise-dart-google-javascript-killer/",
    addendum = "(accessed: 03.26.2020)",
    keywords = "javascript"
}
%https://en.wikipedia.org/wiki/Dart_(programming_language)
@online{knuthwebsite,
    author = "et al",
    title = "Dart (programming language)",
    url  = "https://en.wikipedia.org/wiki/Dart_(programming_language)",
    addendum = "(accessed: 03.26.2020)",
    keywords = "language"
}
%References => https://www.codementor.io/blog/worst-languages-to-learn-3phycr98zk, 
@online{codementor,
    author = "Justina H",
    title = "Worst Programming Languages to Learn in 2018",
    url  = "https://www.codementor.io/blog/worst-languages-to-learn-3phycr98zk",
    addendum = "(accessed: 03.26.2020)",
    keywords = "learn, learning, language, compare"
}
%https://hackernoon.com/why-flutter-uses-dart-dd635a054ebf
@online{codementor,
    author = "Wm Leler",
    title = "Why Flutter Uses Dart",
    url  = "https://hackernoon.com/why-flutter-uses-dart-dd635a054ebf",
    addendum = "(accessed: 03.26.2020)",
    keywords = "Flutter"
}
%Book: The Dart Programming Language by Gilad Bracha (https://books.google.com/books?hl=en&lr=&id=UHAlCwAAQBAJ&oi=fnd&pg=PT13&dq=dart+programming+language&ots=Po5Pb2I8FN&sig=2b_2isJ0kajgW1f5LUY6fYzD7es#v=onepage&q=dart%20programming%20language&f=false)

%Reference Manual: https://dart.dev/guides

%Community: https://gitter.im/dart-lang/home

%Major Project: Flutter (software development kit for mobile, web, and desktop)